
@article{ghc,
  title={The Glasgow Haskell compiler: a technical overview},
  author={Jones, S.L.P. and Hall, C. and Hammond, K. and Cordy, J. and Kevin, H. and Partain, W. and Wadler, P.},
  year={1992},
  publisher={Citeseer}
}

@inproceedings{pypy,
  title={PyPy's approach to virtual machine construction},
  author={Rigo, A. and Pedroni, S.},
  booktitle={Companion to the 21st ACM SIGPLAN symposium on Object-oriented programming systems, languages, and applications},
  pages={944--953},
  year={2006},
  organization={ACM}
}

