@article{jones1992implementing,
  title={{Implementing lazy functional languages on stock hardware: the Spineless Tagless G-machine}},
  author={Jones, S.L.P.},
  journal={Journal of functional programming},
  volume={2},
  number={2},
  pages={127--202},
  year={1992},
  publisher={Cambridge Univ Press}
}

@article{ghc,
  title={{The Glasgow Haskell compiler: a technical overview}},
  author={Jones, S.L.P. and Hall, C. and Hammond, K. and Cordy, J. and Kevin, H. and Partain, W. and Wadler, P.},
  year={1992},
  publisher={Citeseer}
}

@inproceedings{pypy,
  title={{PyPy's approach to virtual machine construction}},
  author={Rigo, A. and Pedroni, S.},
  booktitle={Companion to the 21st ACM SIGPLAN symposium on Object-oriented programming systems, languages, and applications},
  pages={944--953},
  year={2006},
  organization={ACM}
}

@misc{tolmach2010ghc,
  title={{the GHC Team. An external representation for the GHC Core language}},
  author={Tolmach, A. and Chevalier, T.},
  year={2010}
}

@article{hudak1992report,
  title={{Report on the programming language Haskell: a non-strict, purely functional language version 1.2}},
  author={Hudak, P. and Peyton Jones, S. and Wadler, P. and Boutel, B. and Fairbairn, J. and Fasel, J. and Guzm{\'a}n, M.M. and Hammond, K. and Hughes, J. and Johnsson, T. and others},
  journal={ACM SigPlan notices},
  volume={27},
  number={5},
  pages={1--164},
  year={1992},
  publisher={ACM}
}

@article{marlow2010haskell,
  title={Haskell 2010 language report},
  author={Marlow, S. and others},
  journal={Available online http://www. haskell. org/(May 2011)},
  year={2010}
}

@article{jones1994compilation,
  title={{Compilation by transformation in the Glasgow Haskell Compiler}},
  author={Jones, S.P. and Santos, A.},
  journal={Functional Programming, Glasgow},
  pages={184--204},
  year={1994},
  publisher={Citeseer}
}

@inproceedings{ancona2007rpython,
  title={{RPython: a step towards reconciling dynamically and statically typed OO languages}},
  author={Ancona, D. and Ancona, M. and Cuni, A. and Matsakis, N.D.},
  booktitle={Proceedings of the 2007 symposium on Dynamic languages},
  pages={53--64},
  year={2007},
  organization={ACM}
}

@inproceedings{bolz2011runtime,
  title={{Runtime feedback in a meta-tracing JIT for efficient dynamic languages}},
  author={Bolz, C.F. and Cuni, A. and Fija{\l}kowski, M. and Leuschel, M. and Pedroni, S. and Rigo, A.},
  booktitle={Proceedings of the 6th Workshop on Implementation, Compilation, Optimization of Object-Oriented Languages, Programs and Systems},
  series={ICOOOLPS '11},
  year = {2011},
  pages = {9:1--9:8},
  isbn = {978-1-4503-0894-6},
  publisher = {ACM},
}

@inproceedings{launchbury1993natural,
  title={A natural semantics for lazy evaluation},
  author={Launchbury, J.},
  booktitle={Proceedings of the 20th ACM SIGPLAN-SIGACT symposium on Principles of programming languages},
  pages={144--154},
  year={1993},
  organization={ACM}
}

@inproceedings{hudak2007history,
  title={A history of Haskell: being lazy with class},
  author={Hudak, P. and Hughes, J. and Jones, S.P. and Wadler, P.},
  booktitle={Proceedings of the third ACM SIGPLAN conference on History of programming languages},
  pages={12--1},
  year={2007},
  organization={ACM}
}

@book{jones2003haskell,
  title={Haskell 98 language and libraries: the revised report},
  author={Jones, S.P.},
  year={2003},
  publisher={Cambridge Univ Pr}
}

@inproceedings{bolz2010towards,
  title={Towards a jitting VM for prolog execution},
  author={Bolz, C.F. and Leuschel, M. and Schneider, D.},
  booktitle={Proceedings of the 12th international ACM SIGPLAN symposium on Principles and practice of declarative programming},
  pages={99--108},
  year={2010},
  organization={ACM}
}


@inproceedings{sulzmann2007system,
  title={System F with type equality coercions},
  author={Sulzmann, M. and Chakravarty, M.M.T. and Jones, S.P. and Donnelly, K.},
  booktitle={Proceedings of the 2007 ACM SIGPLAN international workshop on Types in languages design and implementation},
  pages={53--66},
  year={2007},
  organization={ACM}
}

% TODO FIX THIS
@misc{marlow2012glasgow,
  title={The Glasgow Haskell Compiler},
  author={Marlow, S. and Jones, S.P. and others},
  year={2012}
}

@article{bruni2009pygirl,
  title={Pygirl: Generating whole-system vms from high-level prototypes using pypy},
  author={Bruni, C. and Verwaest, T.},
  journal={Objects, Components, Models and Patterns},
  pages={328--347},
  year={2009},
  publisher={Springer}
}

@inproceedings{homescu2011happyjit,
  title={HappyJIT: a tracing JIT compiler for PHP},
  author={Homescu, A. and {\c{S}}uhan, A.},
  booktitle={Proceedings of the 7th symposium on Dynamic languages},
  pages={25--36},
  year={2011},
  organization={ACM}
}

@inproceedings{terei2010llvm,
  title={An LLVM backend for GHC},
  author={Terei, D.A. and Chakravarty, M.M.T.},
  booktitle={Proceedings of the third ACM Haskell symposium on Haskell},
  pages={109--120},
  year={2010},
  organization={ACM}
}

@inproceedings{lattner2004llvm,
  title={LLVM: A compilation framework for lifelong program analysis \& transformation},
  author={Lattner, C. and Adve, V.},
  booktitle={Code Generation and Optimization, 2004. CGO 2004. International Symposium on},
  pages={75--86},
  year={2004},
  organization={IEEE}
}

@misc{haskellpython,
       author = {Bolz, Carl Friedrich and Fischer, Sebastian and Christiansen, Jan},
       title = {haskell-python bitbucket.org project; public source repository},
       howpublished = {http://bitbucket.org/cfbolz/haskell-python/},
       year = {2011},
       note = "[Online; accessed 27-04-2012]"
}
